<?xml version="1.0" encoding="UTF-8"?><record xmlns="http://www.loc.gov/MARC21/slim" xmlns:cinclude="http://apache.org/cocoon/include/1.0" xmlns:zs="http://www.loc.gov/zing/srw/">
  <leader>00535nz  a2200145n  4500</leader>
  <controlfield tag="001">no2007056693</controlfield>
  <controlfield tag="003">DLC</controlfield>
  <controlfield tag="005">20070524075234.0</controlfield>
  <controlfield tag="008">070522n| acannaabn          |a aaa     c</controlfield>
  <datafield tag="010" ind1=" " ind2=" ">
    <subfield code="a">no2007056693</subfield>
  </datafield>
  <datafield tag="035" ind1=" " ind2=" ">
    <subfield code="a">(OCoLC)oca07416652</subfield>
  </datafield>
  <datafield tag="040" ind1=" " ind2=" ">
    <subfield code="a">CtY</subfield>
    <subfield code="b">eng</subfield>
    <subfield code="c">CtY</subfield>
  </datafield>
  <datafield tag="100" ind1="1" ind2=" ">
    <subfield code="a">Rizo Rodríguez, Tirso,</subfield>
    <subfield code="d">1921-</subfield>
  </datafield>
  <datafield tag="400" ind1="1" ind2=" ">
    <subfield code="a">Rodríguez, Tirso Rizo,</subfield>
    <subfield code="d">1921-</subfield>
  </datafield>
  <datafield tag="670" ind1=" " ind2=" ">
    <subfield code="a">Notas biográficas e históricas de mi querido pueblo, San Rafael del Norte, 2005:</subfield>
    <subfield code="b">t.p. (Tirso Rizo Rodríguez) p. 4 of cover (b. 1 May 1921, San Rafael del Norte [Nicaragua])</subfield>
  </datafield>
</record>